<?xml version="1.0" encoding="UTF-8"?><record xmlns="http://www.loc.gov/MARC21/slim" xmlns:cinclude="http://apache.org/cocoon/include/1.0" xmlns:zs="http://www.loc.gov/zing/srw/">
  <leader>00439nz  a2200133n  4500</leader>
  <controlfield tag="001">n  84067407 </controlfield>
  <controlfield tag="003">DLC</controlfield>
  <controlfield tag="005">19840524153831.2</controlfield>
  <controlfield tag="008">840425n| acannaab|          |n aaa |||  </controlfield>
  <datafield tag="010" ind1=" " ind2=" ">
    <subfield code="a">n  84067407 </subfield>
  </datafield>
  <datafield tag="040" ind1=" " ind2=" ">
    <subfield code="a">DLC</subfield>
    <subfield code="c">DLC</subfield>
    <subfield code="d">DLC</subfield>
  </datafield>
  <datafield tag="100" ind1="1" ind2="0">
    <subfield code="a">Nakamura, Kazuo,</subfield>
    <subfield code="d">1921-</subfield>
  </datafield>
  <datafield tag="670" ind1=" " ind2=" ">
    <subfield code="a">Sekai shokuryō jukyū yosoku no hikaku kenkyū, 1982:</subfield>
    <subfield code="b">t.p. (Nakamura Kazuo; w. Tōkei Kenkyūkai)</subfield>
  </datafield>
  <datafield tag="670" ind1=" " ind2=" ">
    <subfield code="a">Info. from TSCC</subfield>
    <subfield code="b">(Nakamura Kazuo; b. 9/9/Taishō 10)</subfield>
  </datafield>
</record>